<?xml version="1.0" encoding="UTF-8"?><collection><record><leader>06581ntm a2200589 a 4500</leader><controlfield tag="001">006805279</controlfield><controlfield tag="003">MiAaHDL</controlfield><controlfield tag="005">20190719000000.0</controlfield><controlfield tag="006">m        d        </controlfield><controlfield tag="007">cr bn ---auaua</controlfield><controlfield tag="008">090530s1586    xx            00| ||ara d</controlfield><datafield tag="035" ind1=" " ind2=" "><subfield code="a">(MiU)006805279</subfield></datafield><datafield tag="035" ind1=" " ind2=" "><subfield code="a">sdr-miu006805279</subfield></datafield><datafield tag="040" ind1=" " ind2=" "><subfield code="a">MiU</subfield><subfield code="c">MiU</subfield><subfield code="e">amremm</subfield></datafield><datafield tag="043" ind1=" " ind2=" "><subfield code="a">n-us-mi</subfield><subfield code="a">a-su---</subfield></datafield><datafield tag="100" ind1="1" ind2=" "><subfield code="6">880-01</subfield><subfield code="a">Nahrawālī, Muḥammad ibn Aḥmad,</subfield><subfield code="d">-1580 or 1581.</subfield></datafield><datafield tag="240" ind1="1" ind2="0"><subfield code="6">880-02</subfield><subfield code="a">Iʻlām bi-aʻlām Bayt Allāh al-Ḥarām</subfield></datafield><datafield tag="245" ind1="1" ind2="0"><subfield code="6">880-03</subfield><subfield code="a">Bāb al-Iʻlām bi-iʻlām Bayt Allāh al-Ḥarām,</subfield><subfield code="f">[994, i.e. 1586].</subfield></datafield><datafield tag="246" ind1="3" ind2=" "><subfield code="a">اعلام باعلام بلد الله الحرام</subfield></datafield><datafield tag="246" ind1="3" ind2=" "><subfield code="i">Edge title (tail):</subfield><subfield code="a">الاعلام باعلام بيت الله الحرم</subfield></datafield><datafield tag="260" ind1=" " ind2=" "><subfield code="c">[1586].</subfield></datafield><datafield tag="300" ind1=" " ind2=" "><subfield code="a">237 leaves :</subfield><subfield code="b">paper ;</subfield><subfield code="c">202 x 150 (145 x 95) mm.</subfield></datafield><datafield tag="500" ind1=" " ind2=" "><subfield code="a">Shelfmark: Ann Arbor, University of Michigan, Special Collections Library, Isl. Ms. 593</subfield></datafield><datafield tag="500" ind1=" " ind2=" "><subfield code="a">Origin: As appears in colophon on p.475, transcription completed 9 Jumādá II 994 [ca. 28 May 1586]. Date composition completed given as Rabīʻ I 985 [May 1577].</subfield></datafield><datafield tag="500" ind1=" " ind2=" "><subfield code="a">Accompanying materials: a. Inventory cataloguing slip in hand of Winifred Smeaton Thomas -- b. Acquisitions slip from Yahuda.</subfield></datafield><datafield tag="500" ind1=" " ind2=" "><subfield code="a">Former shelfmark: From interior of upper cover and spine label "IL 17c" (likely supplied by Yahuda, see acquisitions slip).</subfield></datafield><datafield tag="500" ind1=" " ind2=" "><subfield code="a">Binding: Pasteboards covered in dark red-brown leather ; Type II binding (with flap) ; board linings in purple wove paper (over marbled paper) ; upper and lower covers carry blind-stamped scalloped mandorla (filled with vegetal decoration, compare Déroche class. NSd 11) and pendants, along with tooled rosette accents and rule-border ; sewn in dark blue thread, two stations ; worked chevron endbands in brown and cream, good condition ; overall in quite poor condition with significant losses of leather (exposing boards and linings), delamination of boards, abrasion, staining, etc. ; repairs in dark brown and purple leather as well as dark pink textile (also lining fore edge flap) ; likely not original, somewhat ill-fitting and trimmed down (area around glosses preserved via careful trimming and folding) ; housed in box for protection.</subfield></datafield><datafield tag="500" ind1=" " ind2=" "><subfield code="a">Support: European laid paper with 7-8 laid lines per cm. (vertical), chain lines spaced 29 mm. apart (horizontal), and anchor in circle watermark (see p.64) ; well-sized and burnished to glossy ; staining and some ink burn.</subfield></datafield><datafield tag="500" ind1=" " ind2=" "><subfield code="a">Decoration: Keywords and section headings rubricated ; textual dividers in the form of red discs or inverted commas ; written area surrounded by red rule-border.</subfield></datafield><datafield tag="500" ind1=" " ind2=" "><subfield code="a">Script: Naskh ; clear, compact Ḥijāzī, 'Syrian' or Egyptian [?] hand in a medium line ; virtually serifless with very slight effect of tilt to the left, mainly closed counters, pointing mainly in distinct dots (though casually pointed), occasional vocalization.</subfield></datafield><datafield tag="500" ind1=" " ind2=" "><subfield code="a">Layout: Written in 21 lines per page, occasionally divided to two columns to set off verses ; frame-ruled.</subfield></datafield><datafield tag="500" ind1=" " ind2=" "><subfield code="a">Collation: i, V-1 (9), 6 V(69), IV (77), 15 V(227), IV (235), I (237), i ; chiefly quinions ; catchwords present ; pagination in pencil, Western numerals, supplied during digitization (includes flyleaves).</subfield></datafield><datafield tag="500" ind1=" " ind2=" "><subfield code="a">Colophon: "Authorial," reads "وقد فرغ مؤلفه من تحريره ووقفت انامل اقلامه من تحبيره في ليلة يسغر صباحها عن سبع مضين من شهر ربيع الاول سنة خمس وثمانين وتسعمائة" ; "Scribal," triangular, reads "وكان الفراغ من تعليق هذه النسخة المباركة في يوم الاربعاء تاسع شهر جمادى الاخير سنة ۹۹۴ احسن الله عاقبتها وغفر لكاتبها ومالكها ولمن دعا لهم ولجميع المسلمين وصلى الله على سيدنا محمد وعلى اله وصحبه اجمعين"</subfield></datafield><datafield tag="500" ind1=" " ind2=" "><subfield code="a">Explicit: "ما لاح نجم على افق السماء وما هب النسيم على العشاق بالطيب والحمد لله رب العالمين والصلاة والسلام الاثمان الاكملان على سيد الانبياء والمرسلين محمد واله وصحبه الطيبين الطاهرين وسائر الانبياء والرسل وال كل التابعين ومن تبعهم باحسان الى يوم الدين"</subfield></datafield><datafield tag="500" ind1=" " ind2=" "><subfield code="a">Incipit: "الحمد لله الذي جعل المسجد الحرام حرما امنا ومثابة للناس وامر بتطهير الكعبة البيت الحرام للطائفين والعاكفين وازال عنه الخوف والبأس ... اما بعض فلما وفقني الله تعالى لخدمة العلم الشريف وجعلني من جيران بيته المعظم المنيف [تشوقت] نفسي الى الاطلاع على علم الاثار وتشوقت الي فن التاريخ وعلم الاخبار ..."</subfield></datafield><datafield tag="500" ind1=" " ind2=" "><subfield code="a">Title from 'title page' (p.3).</subfield></datafield><datafield tag="500" ind1=" " ind2=" "><subfield code="a">Ms. codex.</subfield></datafield><datafield tag="510" ind1="4" ind2=" "><subfield code="a">Blackburn, J.R. "al-Nahrawālī (Nahrawānī), Ḳuṭb al-Dīn Muḥammad." In EI2,</subfield><subfield code="c">vol.VII, p.911, col.2</subfield></datafield><datafield tag="510" ind1="4" ind2=" "><subfield code="a">Ḥājjī Khalīfah. Kashf al-ẓunūn,</subfield><subfield code="c">i 362, no.949</subfield></datafield><datafield tag="510" ind1="4" ind2=" "><subfield code="a">Brockelmann, C. GAL,</subfield><subfield code="c">II 382</subfield></datafield><datafield tag="520" ind1="8" ind2=" "><subfield code="a">Fine early copy of the chronicle of Mecca by Quṭb al-Dīn Muḥammad ibn ʻAlāʼ al-Dīn Aḥmad ibn Muḥammad ibn Qāḍī Khān Maḥmūd al-Makkī al-Ḥanafī al-Nahrawālī (al-Nahrawānī, d.1582).</subfield></datafield><datafield tag="538" ind1=" " ind2=" "><subfield code="a">Mode of access: Internet.</subfield></datafield><datafield tag="541" ind1=" " ind2=" "><subfield code="a">Acquired in 1926 from the bookseller Isaac Benjamin S.E. Yahuda via purchase transacted on his behalf by his younger brother, the famous Orientalist and manuscript collector Abraham Shalom Yahuda (1877-1951).</subfield></datafield><datafield tag="546" ind1=" " ind2=" "><subfield code="a">Arabic.</subfield></datafield><datafield tag="561" ind1=" " ind2=" "><subfield code="a">Possible former shelfmarks or inventory marks on front flyleaf (p.1) and 'title page' (p.3) ; occasional marginal corrections and glosses.</subfield></datafield><datafield tag="650" ind1=" " ind2="0"><subfield code="a">Manuscripts, Arabic</subfield><subfield code="z">Michigan</subfield><subfield code="z">Ann Arbor.</subfield></datafield><datafield tag="651" ind1=" " ind2="0"><subfield code="a">Mecca (Saudi Arabia)</subfield><subfield code="x">Description and travel</subfield><subfield code="v">Early works to 1800.</subfield></datafield><datafield tag="651" ind1=" " ind2="0"><subfield code="a">Mecca (Saudi Arabia)</subfield><subfield code="x">History</subfield><subfield code="v">Early works to 1800.</subfield></datafield><datafield tag="773" ind1="0" ind2=" "><subfield code="a">Yahuda Collection.</subfield></datafield><datafield tag="880" ind1="1" ind2="0"><subfield code="6">245-03/</subfield><subfield code="a">باب الإعلام بأعلام بيت الله الحرام,</subfield><subfield code="f">[994ه، 1586م].</subfield></datafield><datafield tag="880" ind1="1" ind2="0"><subfield code="6">240-02/</subfield><subfield code="a">اعلام باعلام بيت الله الحرام</subfield></datafield><datafield tag="880" ind1="1" ind2=" "><subfield code="6">100-01/</subfield><subfield code="a">نهروالي، محمد بن أحمد.</subfield></datafield><datafield tag="CID" ind1=" " ind2=" "><subfield code="a">006805279</subfield></datafield><datafield tag="DAT" ind1="0" ind2=" "><subfield code="a">20190719102637.0</subfield><subfield code="b">20190719000000.0</subfield></datafield><datafield tag="DAT" ind1="1" ind2=" "><subfield code="a">20190719090653.0</subfield><subfield code="b">2019-07-19T16:11:30Z</subfield></datafield><datafield tag="DAT" ind1="2" ind2=" "><subfield code="a">2015-10-02T18:00:03Z</subfield></datafield><datafield tag="CAT" ind1=" " ind2=" "><subfield code="a">SDR-MIU</subfield><subfield code="d">EX LIBRIS - ALEPH</subfield><subfield code="l">prepare.pl-004-008</subfield></datafield><datafield tag="FMT" ind1=" " ind2=" "><subfield code="a">BK</subfield></datafield><datafield tag="HOL" ind1=" " ind2=" "><subfield code="0">sdr-miu006805279</subfield><subfield code="a">MiU</subfield><subfield code="b">SDR</subfield><subfield code="c">MIU</subfield><subfield code="p">mdp.39015079127208</subfield><subfield code="s">MIU</subfield><subfield code="1">006805279</subfield></datafield><datafield tag="974" ind1=" " ind2=" "><subfield code="b">MIU</subfield><subfield code="c">MIU</subfield><subfield code="d">20190719</subfield><subfield code="s">lit-dlps-dc</subfield><subfield code="u">mdp.39015079127208</subfield><subfield code="y">1586</subfield><subfield code="r">pd</subfield><subfield code="q">bib</subfield><subfield code="t">non-US bib date1 &lt; 1896</subfield></datafield></record></collection>